01REMESSA01COBRANCA       16232001019160000000FADESP                        001BANCODOBRASIL  1701180000000                      2866935                                                                                                                                                                                                                                                                  000001
70206313870000441162320010191602866935                         286693500000000010000       0190000000     1701          19011800000000000010010000 12N170118000000000000000030000000000000000000000000000000000000000000000100012345678900FULADO DA SILVA SAURO                   Rua Augusto Corrêa, LABES               Guamá       66075110BELÉM          PA                                           000001
70206313870000441162320010191602866935                         286693500000000020000       0190000000     1701          19011800000000000010010000 12N170118000000000000000030000000000000000000000000000000000000000000000100012345678900FULADO DA SILVA SAURO                   Rua Augusto Corrêa, LABES               Guamá       66075110BELÉM          PA                                           000002
70206313870000441162320010191602866935                         286693500000000030000       0190000000     1701          19011800000000000010010000 12N170118000000000000000030000000000000000000000000000000000000000000000100012345678900FULADO DA SILVA SAURO                   Rua Augusto Corrêa, LABES               Guamá       66075110BELÉM          PA                                           000003
70206313870000441162320010191602866935                         286693500000000040000       0190000000     1701          19011800000000000010010000 12N170118000000000000000030000000000000000000000000000000000000000000000100012345678900FULADO DA SILVA SAURO                   Rua Augusto Corrêa, LABES               Guamá       66075110BELÉM          PA                                           000004
70206313870000441162320010191602866935                         286693500000000050000       0190000000     1701          19011800000000000010010000 12N170118000000000000000030000000000000000000000000000000000000000000000100012345678900FULADO DA SILVA SAURO                   Rua Augusto Corrêa, LABES               Guamá       66075110BELÉM          PA                                           000005
9                                                                                                                                                                                                                                                                                                                                                                                                         000006
