01REMESSA01COBRANCA       16748003330060      FADESP                        001BANCODOBRASIL  2112170                            2941653                                                                                                                                                                                                                                                                  000001
70105572870000159167480011213402941653                         294165300000369330000       0190000000     1701          12120600000000001000010000 99N121206  000000000000003      00           00           00           0100005456456465MARCONI CESAR PEREIRA DA SILVA          ENDERECO TESTE                          SAO PEDRO   12345678CIDADE         PA                                           000001
9                                                                                                                                                                                                                                                                                                                                                                                                         001212
