02RETORNO01COBRANCA       16748001019120000000FUNDACAO DE AMPARO E DESENVOLV001BANCO DO BRASIL2012170000425                      000000646105077598  2866935                                                                                                                                                                                                                                              000001
70000000000000000167480010191202866935                         2866935000001642170000005   01900000000000 1705201217                              000000000000000650000133723002112170000700000000000000000000000000000000000000000000000000000000000000000000000000006663000000000016300000000000000000000000000000000000596320000000000000          0000000000000000000000000000000000000000000000001006000002
70000000000000000167480010191202866935                         2866935000001643670000005   01900000000000 1705201217                              000000000000000650000142331002112170000700000000000000000000000000000000000000000000000000000000000000000000000000006663000000000016300000000000000000000000000000000000596320000000000000          0000000000000000000000000000000000000000000000001001000003
70000000000000000167480010191202866935                         2866935000001710970000005   01900000000000 1705201217                              000000000000000650000133723002112170000700000000000000000000000000000000000000000000000000000000000000000000000000006663000000000016300000000000000000000000000000000000596320000000000000          0000000000000000000000000000000000000000000000001006000004
70000000000000000167480010191202866935                         2866935000001774770000005   01900000000000 1705201217                              000000000000000650000178123002112170000700000000000000000000000000000000000000000000000000000000000000000000000000006663000000000016300000000000000000000000000000000000596320000000000000          0000000000000000000000000000000000000000000000001008000005
70000000000000000167480010191202866935                         2866935000002053570000005   01900000000000 1705201217                              000000000000000650000178123002112170000700000000000000000000000000000000000000000000000000000000000000000000000000006663000000000016300000000000000000000000000000000000596320000000000000          0000000000000000000000000000000000000000000000001008000006
70000000000000000167480010191202866935                         2866935000002101470000005   01900000000000 1705201217                              000000000000000650000178123002112170000700000000000000000000000000000000000000000000000000000000000000000000000000006728000000000022800000000000000000000000000000000000602820000000000000          0000000000000000000000000000000000000000000000001008000007
70000000000000000167480010191202866935                         2866935000002162270000005   01900000000000 1705201217                              000000000000000650000178123002112170000700000000000000000000000000000000000000000000000000000000000000000000000000006860000000000036000000000000000000000000000000000000616020000000000000          0000000000000000000000000000000000000000000000001008000008
70000000000000000167480010191202866935                         2866935000002162570000005   01900000000000 1705201217                              000000000000000650000178123002112170000700000000000000000000000000000000000000000000000000000000000000000000000000006663000000000016300000000000000000000000000000000000596320000000000000          0000000000000000000000000000000000000000000000001008000009
70000000000000000167480010191202866935                         2866935000002422770000005   01900000000000 1705201217                              000000000000000650000178123002112170000700000000000000000000000000000000000000000000000000000000000000000000000000006728000000000022800000000000000000000000000000000000602820000000000000          0000000000000000000000000000000000000000000000001008000010
70000000000000000167480010191202866935                         2866935000002422870000005   01900000000000 1705201217                              000000000000000650000178123002112170000700000000000000000000000000000000000000000000000000000000000000000000000000006663000000000016300000000000000000000000000000000000596320000000000000          0000000000000000000000000000000000000000000000001008000011
70000000000000000167480010191202866935                         2866935000002432170000005   01900000000000 1705201217                              000000000000000650000137028002112170000700000000000000000000000000000000000000000000000000000000000000000000000000006663000000000016300000000000000000000000000000000000596320000000000000          0000000000000000000000000000000000000000000000001006000012
70000000000000000167480010191202866935                         2866935000002540570007601AI 01900000000000 1706201217S/N                           051017000000000650000111517012112170000450000000000000000000000000000000000000000000000000000000000000000000000000006858000000000035800000000000000000000000000000000000640820000000000000          0000000000000000000000000000000000000000000000001007000013
70000000000000000167480010191202866935                         2866935000002570770001501AI 01900000000000 1706201217S/N                           051217000000000650000114362012112170000450000000000000000000000000000000000000000000000000000000000000000000000000006675000000000017500000000000000000000000000000000000622520000000000000          0000000000000000000000000000000000000000000000001007000014
70000000000000000167480010191202866935                         2866935000002646270001501AI 01900000000000 1706201217S/N                           051217000000000650000178123012112170000450000000000000000000000000000000000000000000000000000000000000000000000000006675000000000017500000000000000000000000000000000000622520000000000000          0000000000000000000000000000000000000000000000001008000015
70000000000000000167480010191202866935                         2866935000002667070007601AI 01900000000000 1706201217S/N                           051017000000000650000137028012112170000450000000000000000000000000000000000000000000000000000000000000000000000000006858000000000035800000000000000000000000000000000000640820000000000000          0000000000000000000000000000000000000000000000001002000016
70000000000000000167480010191202866935                         2866935000002707570000005   01900000000000 1705201217                              000000000000000650000178123002112170000700000000000000000000000000000000000000000000000000000000000000000000000000006663000000000016300000000000000000000000000000000000596320000000000000          0000000000000000000000000000000000000000000000001008000017
70000000000000000167480010191202866935                         2866935000002751170010601AI 01900000000000 1706201217S/N                           050917000000000650000178123012112170000450000000000000000000000000000000000000000000000000000000000000000000000000006948000000000044800000000000000000000000000000000000649820000000000000          0000000000000000000000000000000000000000000000001008000018
70000000000000000167480010191202866935                         2866935000002751270007601AI 01900000000000 1706201217S/N                           051017000000000650000178123012112170000450000000000000000000000000000000000000000000000000000000000000000000000000006858000000000035800000000000000000000000000000000000640820000000000000          0000000000000000000000000000000000000000000000001008000019
70000000000000000167480010191202866935                         2866935000002751370004501AI 01900000000000 1706201217S/N                           051117000000000650000178123012112170000450000000000000000000000000000000000000000000000000000000000000000000000000006765000000000026500000000000000000000000000000000000631520000000000000          0000000000000000000000000000000000000000000000001008000020
70000000000000000167480010191202866935                         2866935000002751470001501AI 01900000000000 1706201217S/N                           051217000000000650000178123012112170000450000000000000000000000000000000000000000000000000000000000000000000000000006675000000000017500000000000000000000000000000000000622520000000000000          0000000000000000000000000000000000000000000000001008000021
70000000000000000167480010191202866935                         2866935000003098170000005   01900000000000 1705201217                              000000000000000650000126530002112170000700000000000000000000000000000000000000000000000000000000000000000000000000006663000000000016300000000000000000000000000000000000596320000000000000          0000000000000000000000000000000000000000000000001006000022
70000000000000000167480010191202866935                         2866935000003103470000005   01900000000000 1705201217                              000000000000000650000178123002112170000700000000000000000000000000000000000000000000000000000000000000000000000000006728000000000022800000000000000000000000000000000000602820000000000000          0000000000000000000000000000000000000000000000001008000023
70000000000000000167480010191202866935                         2866935000003103570000005   01900000000000 1705201217                              000000000000000650000178123002112170000700000000000000000000000000000000000000000000000000000000000000000000000000006663000000000016300000000000000000000000000000000000596320000000000000          0000000000000000000000000000000000000000000000001008000024
70000000000000000167480010191202866935                         2866935000003190470001501AI 01900000000000 1706201217S/N                           051217000000000650000178123012112170000450000000000000000000000000000000000000000000000000000000000000000000000000006675000000000017500000000000000000000000000000000000622520000000000000          0000000000000000000000000000000000000000000000001008000025
70000000000000000167480010191202866935                         2866935000003265470001501AI 01900000000000 1706201217S/N                           051217000000000650000137028012112170000450000000000000000000000000000000000000000000000000000000000000000000000000006675000000000017500000000000000000000000000000000000622520000000000000          0000000000000000000000000000000000000000000000001001000026
70000000000000000167480010191202866935                         2866935000003299970001501AI 01900000000000 1706201217S/N                           051217000000000650010413140012112170000450000000000000000000000000000000000000000000000000000000000000000000000000006675000000000017500000000000000000000000000000000000622520000000000000          0000000000000000000000000000000000000000000000001010000027
70000000000000000167480010191202866935                         2866935000003331770004501AI 01900000000000 1706201217S/N                           051117000000000650000178123012112170000450000000000000000000000000000000000000000000000000000000000000000000000000006765000000000026500000000000000000000000000000000000631520000000000000          0000000000000000000000000000000000000000000000001008000028
70000000000000000167480010191202866935                         2866935000003331870001501AI 01900000000000 1706201217S/N                           051217000000000650000178123012112170000450000000000000000000000000000000000000000000000000000000000000000000000000006675000000000017500000000000000000000000000000000000622520000000000000          0000000000000000000000000000000000000000000000001008000029
70000000000000000167480010191202866935                         2866935000003472270010601AI 01900000000000 1706201217S/N                           050917000000000650000178123012112170000450000000000000000000000000000000000000000000000000000000000000000000000000006948000000000044800000000000000000000000000000000000649820000000000000          0000000000000000000000000000000000000000000000001008000030
70000000000000000167480010191202866935                         2866935000003472370007601AI 01900000000000 1706201217S/N                           051017000000000650000178123012112170000450000000000000000000000000000000000000000000000000000000000000000000000000006858000000000035800000000000000000000000000000000000640820000000000000          0000000000000000000000000000000000000000000000001008000031
70000000000000000167480010191202866935                         2866935000003472470004501AI 01900000000000 1706201217S/N                           051117000000000650000178123012112170000450000000000000000000000000000000000000000000000000000000000000000000000000006765000000000026500000000000000000000000000000000000631520000000000000          0000000000000000000000000000000000000000000000001008000032
70000000000000000167480010191202866935                         2866935000003472570001501AI 01900000000000 1706201217S/N                           051217000000000650000178123012112170000450000000000000000000000000000000000000000000000000000000000000000000000000006675000000000017500000000000000000000000000000000000622520000000000000          0000000000000000000000000000000000000000000000001008000033
70000000000000000167480010191202866935                         2866935000003502770004501AI 01900000000000 1706201217S/N                           051117000000000650000178123012112170000450000000000000000000000000000000000000000000000000000000000000000000000000006765000000000026500000000000000000000000000000000000631520000000000000          0000000000000000000000000000000000000000000000001008000034
70000000000000000167480010191202866935                         2866935000003502870001501AI 01900000000000 1706201217S/N                           051217000000000650000178123012112170000450000000000000000000000000000000000000000000000000000000000000000000000000006675000000000017500000000000000000000000000000000000622520000000000000          0000000000000000000000000000000000000000000000001008000035
70000000000000000167480010191202866935                         2866935000003550070000005   01900000000000 1705201217                              000000000000000650000137028002112170000700000000000000000000000000000000000000000000000000000000000000000000000000006663000000000016300000000000000000000000000000000000596320000000000000          0000000000000000000000000000000000000000000000001006000036
70000000000000000167480010191202866935                         2866935000003590270001501AI 01900000000000 1706201217S/N                           051217000000000650000178123012112170000450000000000000000000000000000000000000000000000000000000000000000000000000006675000000000017500000000000000000000000000000000000622520000000000000          0000000000000000000000000000000000000000000000001008000037
70000000000000000167480010191202866935                         2866935000003649470004001AI 01900000000000 1706201217S/N                           101117000000001300000178123012112170000450000000000000000000000000000000000000000000000000000000000000000000000000013380000000000038000000000000000000000000000000000001293020000000000000          0000000000000000000000000000000000000000000000001008000038
70000000000000000167480010191202866935                         2866935000003689370000005   01900000000000 1705201217                              000000000000000650000178123002112170000700000000000000000000000000000000000000000000000000000000000000000000000000006728000000000022800000000000000000000000000000000000602820000000000000          0000000000000000000000000000000000000000000000001008000039
70000000000000000167480010191202866935                         2866935000003689470000005   01900000000000 1705201217                              000000000000000650000178123002112170000700000000000000000000000000000000000000000000000000000000000000000000000000006663000000000016300000000000000000000000000000000000596320000000000000          0000000000000000000000000000000000000000000000001008000040
9201001          000030640000002216824100000141          000000000000000000000000000000          000000000000000000000000000000          000000000000000000000000000000                                                  000000000000000000000000000000                                                                                                                                                   000041
