02RETORNO01COBRANCA       16234003339140000000TESTE                         001BANCO DO BRASIL2012170000425                      000000646105077598  2234561                                                                                                                                                                                                                                              000001
70000000000000000162340033391402234561                         2234561000002540570007601AI 01900000000000 1706201217S/N                           051017000000000650000111517012112170000450000000000000000000000000000000000000000000000000000000000000000000000000006858000000000035800000000000000000000000000000000000640820000000000000          0000000000000000000000000000000000000000000000001007000001
70000000000000000162340033391402234561                         2234561000002570770001501AI 01900000000000 1706201217S/N                           051217000000000650000114362012112170000450000000000000000000000000000000000000000000000000000000000000000000000000006675000000000017500000000000000000000000000000000000622520000000000000          0000000000000000000000000000000000000000000000001007000002
70000000000000000162340033391402234561                         2234561000002646270001501AI 01900000000000 1706201217S/N                           051217000000000650000178123012112170000450000000000000000000000000000000000000000000000000000000000000000000000000006675000000000017500000000000000000000000000000000000622520000000000000          0000000000000000000000000000000000000000000000001008000003
70000000000000000162340033391402234561                         2234561000002667070007601AI 01900000000000 1706201217S/N                           051017000000000650000137028012112170000450000000000000000000000000000000000000000000000000000000000000000000000000006858000000000035800000000000000000000000000000000000640820000000000000          0000000000000000000000000000000000000000000000001002000004
70000000000000000162340033391402234561                         2234561000002751170010601AI 01900000000000 1706201217S/N                           050917000000000650000178123012112170000450000000000000000000000000000000000000000000000000000000000000000000000000006948000000000044800000000000000000000000000000000000649820000000000000          0000000000000000000000000000000000000000000000001008000005
70000000000000000162340033391402234561                         2234561000002751270007601AI 01900000000000 1706201217S/N                           051017000000000650000178123012112170000450000000000000000000000000000000000000000000000000000000000000000000000000006858000000000035800000000000000000000000000000000000640820000000000000          0000000000000000000000000000000000000000000000001008000006
70000000000000000162340033391402234561                         2234561000002751370004501AI 01900000000000 1706201217S/N                           051117000000000650000178123012112170000450000000000000000000000000000000000000000000000000000000000000000000000000006765000000000026500000000000000000000000000000000000631520000000000000          0000000000000000000000000000000000000000000000001008000007
70000000000000000162340033391402234561                         2234561000002751470001501AI 01900000000000 1706201217S/N                           051217000000000650000178123012112170000450000000000000000000000000000000000000000000000000000000000000000000000000006675000000000017500000000000000000000000000000000000622520000000000000          0000000000000000000000000000000000000000000000001008000008
70000000000000000162340033391402234561                         2234561000003190470001501AI 01900000000000 1706201217S/N                           051217000000000650000178123012112170000450000000000000000000000000000000000000000000000000000000000000000000000000006675000000000017500000000000000000000000000000000000622520000000000000          0000000000000000000000000000000000000000000000001008000009
70000000000000000162340033391402234561                         2234561000003265470001501AI 01900000000000 1706201217S/N                           051217000000000650000137028012112170000450000000000000000000000000000000000000000000000000000000000000000000000000006675000000000017500000000000000000000000000000000000622520000000000000          0000000000000000000000000000000000000000000000001001000010
70000000000000000162340033391402234561                         2234561000003299970001501AI 01900000000000 1706201217S/N                           051217000000000650010413140012112170000450000000000000000000000000000000000000000000000000000000000000000000000000006675000000000017500000000000000000000000000000000000622520000000000000          0000000000000000000000000000000000000000000000001010000011
70000000000000000162340033391402234561                         2234561000003331770004501AI 01900000000000 1706201217S/N                           051117000000000650000178123012112170000450000000000000000000000000000000000000000000000000000000000000000000000000006765000000000026500000000000000000000000000000000000631520000000000000          0000000000000000000000000000000000000000000000001008000012
70000000000000000162340033391402234561                         2234561000003331870001501AI 01900000000000 1706201217S/N                           051217000000000650000178123012112170000450000000000000000000000000000000000000000000000000000000000000000000000000006675000000000017500000000000000000000000000000000000622520000000000000          0000000000000000000000000000000000000000000000001008000013
70000000000000000162340033391402234561                         2234561000003472270010601AI 01900000000000 1706201217S/N                           050917000000000650000178123012112170000450000000000000000000000000000000000000000000000000000000000000000000000000006948000000000044800000000000000000000000000000000000649820000000000000          0000000000000000000000000000000000000000000000001008000014
70000000000000000162340033391402234561                         2234561000003472370007601AI 01900000000000 1706201217S/N                           051017000000000650000178123012112170000450000000000000000000000000000000000000000000000000000000000000000000000000006858000000000035800000000000000000000000000000000000640820000000000000          0000000000000000000000000000000000000000000000001008000015
70000000000000000162340033391402234561                         2234561000003472470004501AI 01900000000000 1706201217S/N                           051117000000000650000178123012112170000450000000000000000000000000000000000000000000000000000000000000000000000000006765000000000026500000000000000000000000000000000000631520000000000000          0000000000000000000000000000000000000000000000001008000016
70000000000000000162340033391402234561                         2234561000003472570001501AI 01900000000000 1706201217S/N                           051217000000000650000178123012112170000450000000000000000000000000000000000000000000000000000000000000000000000000006675000000000017500000000000000000000000000000000000622520000000000000          0000000000000000000000000000000000000000000000001008000017
70000000000000000162340033391402234561                         2234561000003502770004501AI 01900000000000 1706201217S/N                           051117000000000650000178123012112170000450000000000000000000000000000000000000000000000000000000000000000000000000006765000000000026500000000000000000000000000000000000631520000000000000          0000000000000000000000000000000000000000000000001008000018
70000000000000000162340033391402234561                         2234561000003502870001501AI 01900000000000 1706201217S/N                           051217000000000650000178123012112170000450000000000000000000000000000000000000000000000000000000000000000000000000006675000000000017500000000000000000000000000000000000622520000000000000          0000000000000000000000000000000000000000000000001008000019
70000000000000000162340033391402234561                         2234561000003590270001501AI 01900000000000 1706201217S/N                           051217000000000650000178123012112170000450000000000000000000000000000000000000000000000000000000000000000000000000006675000000000017500000000000000000000000000000000000622520000000000000          0000000000000000000000000000000000000000000000001008000020
70000000000000000162340033391402234561                         2234561000003649470004001AI 01900000000000 1706201217S/N                           101117000000001300000178123012112170000450000000000000000000000000000000000000000000000000000000000000000000000000013380000000000038000000000000000000000000000000000001293020000000000000          0000000000000000000000000000000000000000000000001008000021
9201001          000030640000002216824100000141          000000000000000000000000000000          000000000000000000000000000000          000000000000000000000000000000                                                  000000000000000000000000000000                                                                                                                                                   000022
