01REMESSA01COBRANCA       16748001019120000000FADESP                        001BANCO DO BRASIL1601180000000                      2866935                                                                                                                                                                                                                                                                  000001
70205572870000159167480010191202866935                         286693500000000010000       0190000000     1701          18011800000000000010010000 12N160118000000000000000030000000000000000000000000000000000000000000000100000864683243RAYAN R. S. TEIXEIRA                    Rua Augusto Corrêa, LABES               Guamá       66075110BELÉM          PA                                           000001
70205572870000159167480010191202866935                         286693500000000020000       0190000000     1701          18011800000000000010010000 12N160118000000000000000030000000000000000000000000000000000000000000000100000993329225FABRICIO CORREA BRABO                   Rua Augusto Corrêa, LABES               Guamá       66075110BELÉM          PA                                           000002
70205572870000159167480010191202866935                         286693500000000030000       0190000000     1701          18011800000000000010010000 12N160118000000000000000030000000000000000000000000000000000000000000000100000299967247FRANCISCO DEMARIM DE AGUIAR JUNIOR      Rua Augusto Corrêa, LABES               Guamá       66075110BELÉM          PA                                           000003
9                                                                                                                                                                                                                                                                                                                                                                                                         000004
